[gd_resource type="SpriteFrames" load_steps=6 format=2]

[ext_resource path="res://Entities/Actors/SoulActor/Sprites/tile000.png" type="Texture" id=1]
[ext_resource path="res://Entities/Actors/SoulActor/Sprites/tile001.png" type="Texture" id=2]
[ext_resource path="res://Entities/Actors/SoulActor/Sprites/tile002.png" type="Texture" id=3]
[ext_resource path="res://Entities/Actors/SoulActor/Sprites/tile003.png" type="Texture" id=4]
[ext_resource path="res://Entities/Actors/SoulActor/Sprites/tile004.png" type="Texture" id=5]

[resource]
animations = [ {
"frames": [ ExtResource( 1 ), ExtResource( 2 ), ExtResource( 3 ), ExtResource( 4 ), ExtResource( 5 ) ],
"loop": true,
"name": "idle_up",
"speed": 4.0
}, {
"frames": [ ExtResource( 1 ), ExtResource( 2 ), ExtResource( 3 ), ExtResource( 4 ), ExtResource( 5 ) ],
"loop": true,
"name": "idle_side",
"speed": 4.0
}, {
"frames": [ ExtResource( 1 ), ExtResource( 2 ), ExtResource( 3 ), ExtResource( 4 ), ExtResource( 5 ) ],
"loop": true,
"name": "idle_down",
"speed": 5.0
}, {
"frames": [ ExtResource( 1 ), ExtResource( 2 ), ExtResource( 3 ), ExtResource( 4 ), ExtResource( 5 ) ],
"loop": true,
"name": "walk_up",
"speed": 4.0
}, {
"frames": [ ExtResource( 1 ), ExtResource( 2 ), ExtResource( 3 ), ExtResource( 4 ), ExtResource( 5 ) ],
"loop": true,
"name": "walk_down",
"speed": 4.0
}, {
"frames": [ ExtResource( 1 ), ExtResource( 2 ), ExtResource( 3 ), ExtResource( 4 ), ExtResource( 5 ) ],
"loop": true,
"name": "walk_side",
"speed": 4.0
} ]
